<record xmlns="http://www.loc.gov/MARC21/slim">
   <leader>07894cam a2200469 i 4500</leader>
   <controlfield tag="001">6712213</controlfield>
   <controlfield tag="003">FlBoTFG</controlfield>
   <controlfield tag="005">20141020104122.0</controlfield>
   <controlfield tag="006">m    |o  d |      </controlfield>
   <controlfield tag="007">cr |||</controlfield>
   <controlfield tag="008">141020t20152015fluadf  ob    001 0 eng d</controlfield>
   <datafield ind1=" " ind2=" " tag="020">
      <subfield code="a">9781482220100 (e-book : PDF)</subfield>
   </datafield>
   <datafield ind1=" " ind2=" " tag="035">
      <subfield code="a">ocn891387113</subfield>
   </datafield>
   <datafield ind1=" " ind2=" " tag="039">
      <subfield code="a">exclude</subfield>
   </datafield>
   <datafield ind1=" " ind2=" " tag="040">
      <subfield code="a">FlBoTFG</subfield>
      <subfield code="b">eng</subfield>
      <subfield code="c">FlBoTFG</subfield>
      <subfield code="e">rda</subfield>
      <subfield code="d">AEU</subfield>
   </datafield>
   <datafield ind1=" " ind2="4" tag="050">
      <subfield code="a">RM297.M44</subfield>
      <subfield code="b">M45 2015</subfield>
   </datafield>
   <datafield ind1=" " ind2=" " tag="090">
      <subfield code="a">Internet Access</subfield>
      <subfield code="b">AEU</subfield>
   </datafield>
   <datafield ind1="0" ind2=" " tag="130">
      <subfield code="a">Melatonin (Srinivasan)</subfield>
   </datafield>
   <datafield ind1="1" ind2="0" tag="245">
      <subfield code="a">Melatonin :</subfield>
      <subfield code="b">therapeutic value and neuroprotection /</subfield>
      <subfield code="c">[editors, ] Venkatramanujan Srinivasan, Sri Sathya Sai Medical Educational and Research Foundation, An International Medical Sciences Research Study Center, Tamilnadu, India, NHS Department of Mental Health, Hospital "G. Mazzini", ASL Teramo Italy, Department of Neurosciences; University "G.D Annunzio, Chiety, Italy, Gabriella Gobbi, Department of Psychiatry, McGill University, and McGill University Health Center, Montreal, Quebec, Canada, Samuel D. Shillcutt, Department of Psychiatry and Behavioural Sciences, Mercer University School of Medicine, Macon, Georgia, USA, Sibel Suzen, Department of Pharmaceutical Chemistry, Faculty of Pharmacy, Ankara University, Ankara, Turkey.</subfield>
   </datafield>
   <datafield ind1=" " ind2="1" tag="264">
      <subfield code="a">Boca Raton :</subfield>
      <subfield code="b">Taylor &amp; Francis,</subfield>
      <subfield code="c">[2015]</subfield>
   </datafield>
   <datafield ind1=" " ind2="4" tag="264">
      <subfield code="c">©2015</subfield>
   </datafield>
   <datafield ind1=" " ind2=" " tag="300">
      <subfield code="a">1 online resource.</subfield>
   </datafield>
   <datafield ind1=" " ind2=" " tag="336">
      <subfield code="a">text</subfield>
      <subfield code="2">rdacontent</subfield>
   </datafield>
   <datafield ind1=" " ind2=" " tag="337">
      <subfield code="a">computer</subfield>
      <subfield code="2">rdamedia</subfield>
   </datafield>
   <datafield ind1=" " ind2=" " tag="338">
      <subfield code="a">online resource</subfield>
      <subfield code="2">rdacarrier</subfield>
   </datafield>
   <datafield ind1=" " ind2=" " tag="504">
      <subfield code="a">Includes bibliographical references and index.</subfield>
   </datafield>
   <datafield ind1="0" ind2=" " tag="505">
      <subfield code="a">Melatonin production and bioavailability / Emel Öykü Çetin, Yiğit Uyanikgil, Mehmet Turgut, and Meral Baka -- Deviations of melatonin levels and signaling in aging and diseases : options and limits of treatment / Rüdiger Hardeland -- Pineal gland volume and melatonin / Niyazi Acer, Süleyman Karademir, and Mehmet Turgut -- Melatonin's beneficial effects in metabolic syndrome with therapeutic applications / Venkataramanujam Srinivasan [and four others] -- Therapeutic applications of melatonin in pediatrics / Emilio J. Sanchez-Barcelo, Maria D. Mediavilla, and Russel J. Reiter -- Neuroprotective effect of melatonin on perinatal hypoxia-ischemia / Daniel Alonso-Alconada, Antonia Alvarez, and Enrique Hilario -- Melatonin as a therapeutic agent for sepsis / Edward H. Sharman and Stephen C. Bondy -- Melatonin's cardioprotective role / Alberto Dominguez-Rodriguez and Pedro Abreu-Gonzalez -- Melatonin : therapeutic value and neuroprotection in stroke / Max Franzblau [and eight others] -- Melatonin's antiapoptotic activity in neurodegenerative diseases / Xin Wang [and four others] -- MT2 melatonin receptors : their role in sleep and neuropsychiatric disorders / Stefano Comai and Gabriella Gobbi -- Melatonin : its hepatoprotective actions and the role of melatonin receptors / Alexander M. Mathes -- Melatonin signaling in the control of Plasmodium development and replication / Alexandre Budu and Célia R.S. Garcia -- Melatonin : regulator of adult hippocampal neurogenesis / Gerardo B. Ramírez-Rodríguez and Leonardo Ortiz-López -- Comparison of neuroprotective effect of melatonin in the nigrostriatal and mesolimbic dopaminergic systems of the zitter rat / Shuichi Ueda [and five others] -- Melatonin's neuroprotective role in Parkinson's disease / Venkataramanujam Srinivasan [and nine others] --</subfield>
   </datafield>
   <datafield ind1="0" ind2=" " tag="505">
      <subfield code="a">Neuroprotective role of melatonin in glaucoma / Ruth E. Rosenstein [and five others] -- Melatonin receptors and their preventive role in carcinogenesis / Raffaela Santoro [and four others] -- Enhancement of antitumor activity of ursolic acid by melatonin in colon cancer cells / Wei Guo, Jingshu Wang, and Wuguo Deng -- Synthetic melatonin receptor ligands / Silvia Rivara, Marco Mor, Annalida Bedini, and Gilberto Spadoni -- Evaluation of synthetic melatonin analog antioxidant compounds / Sibel Suzen -- Melatonin's analogues in glaucoma / Hanan Awad Alkozi and Jesús Pintor -- Melatonergic drugs as therapeutic agents for insomnia and depressive disorders / Venkataramanujam Srinivasan [and eight others] -- Agomelatine : a neuroprotective agent with clinical utility beyond depression and anxiety / Cecilio Álamo, Francisco López-Muñoz, and Pilar García-García -- Melatonergic antidepressant agomelatine in depressive and anxiety disorders / Domenico De Berardis [and seventeen others] -- Effects of melatonin and melatonergic drugs in transgenic mouse models of Alzheimer's disease / Beatriz B. Otalora, M. Angeles Rol, and Juan A. Madrid -- Melatonin's mitochondrial protective role in Alzheimer's mice : role of melatonin receptors / Vedad Delic and Patrick C. Bradshaw -- Melatonin and its therapeutic implications in injuries of the developing brain and retina / Gurugirijha Rathnasamy, Eng-Ang Ling, and Charanjit Kaur -- Melatonin's protection against human prion-mediated neurotoxicity / Jae-Kyo Jeong and Sang-Youel Park -- Melatonin's protection against methamphetamine toxicity in neuroblastoma cells / Banthit Chetsawang --</subfield>
   </datafield>
   <datafield ind1="0" ind2=" " tag="505">
      <subfield code="a">Melatonin's beneficial effects on dopaminergic neurons in the rat model of Parkinson's disease / Manisha Gautam, Reshu Gupta, Ravinder Kumar Saran, and Bal Krishana -- Antiepileptic effects of melatonin / M. Hakan Seyithanoğlu [and five others] -- Analgesic effects of melatonin / Selçuk Yavuz, Mehmet Turgut, Özlem Yalçinkaya Yavuz, and Teoman Aydin -- Effects of melatonin on the proliferative and differentiative activity of neural stem cells / Saime İrkören, Heval Selman Özkan, and Mehmet Turgut -- Role of melatonin in collagen synthesis / Özgür Taşpinar, Mehmet Turgut, Engin Taştaban, and Teoman Aydin -- Melatonin use in peripheral nerve injury / Mehmet Emin Önger [and four others] -- Neuroprotective role of melatonin and its agonists : neuroprotective role of melatonin against dexamethasone-induced neurotoxicity / Aziza B. Shalby and Hanaa H. Ahmed -- Does melatonin have a protective role against side effects of nonsteroidal anti-inflammatory drugs? / Ebru Elibol [and four others] -- Melatonin : pharmacological aspects and clinical trends / Emiliano Ricardo Vasconcelos Rios -- Protective effects of melatonin in radiation-induced nephrotoxicity / Eda Kucuktulu and Uzer Kucuktulu -- Melatonin and familial Mediterranean fever / Engin Taştaban, Mehmet Turgut, and Teoman Aydin -- Effects of melatonin on osteoblastic and osteoclastic activities of bone tissue / Meliha Gündağ Papaker [and four others] -- Phyto-melatonin : a novel therapeutic aspect of melatonin in nature's way / Chandana Haldar, Somenath Ghosh, and Amaresh Kumar Singh.</subfield>
   </datafield>
   <datafield ind1=" " ind2=" " tag="506">
      <subfield code="a">Access restricted to authorized users and institutions.</subfield>
   </datafield>
   <datafield ind1=" " ind2=" " tag="520">
      <subfield code="a">"There is a growing interest in the field of melatonin research concerning its neurobiological mechanisms as well as its repercussions in clinical practice. A decrease in melatonin production and receptors results in numerous dysfunctions in the body. This text explores melatonin's neuroprotective effects and discusses the therapeutic potential of melatonin and melatonin agonists in treating neurodegenerative diseases. In addition to addressing the neuroprotective role of melatonin, the book also explores its protective roles in other tissues such as the brain, heart, and liver"--Provided by publisher.</subfield>
   </datafield>
   <datafield ind1=" " ind2=" " tag="596">
      <subfield code="a">44</subfield>
   </datafield>
   <datafield ind1=" " ind2="0" tag="650">
      <subfield code="a">Melatonin</subfield>
      <subfield code="x">Treatment.</subfield>
   </datafield>
   <datafield ind1=" " ind2="0" tag="650">
      <subfield code="a">Neuroprotective agents.</subfield>
   </datafield>
   <datafield ind1=" " ind2="0" tag="650">
      <subfield code="a">Nervous system</subfield>
      <subfield code="x">Degeneration</subfield>
      <subfield code="x">Treatment.</subfield>
   </datafield>
   <datafield ind1="1" ind2=" " tag="700">
      <subfield code="a">Srinivasan, V.</subfield>
      <subfield code="q">(Venkataramanujan),</subfield>
      <subfield code="e">editor.</subfield>
   </datafield>
   <datafield ind1="1" ind2=" " tag="700">
      <subfield code="a">Gobbi, Gabriella,</subfield>
      <subfield code="e">editor.</subfield>
   </datafield>
   <datafield ind1="1" ind2=" " tag="700">
      <subfield code="a">Shillcutt, Samuel D.,</subfield>
      <subfield code="e">editor.</subfield>
   </datafield>
   <datafield ind1="1" ind2=" " tag="700">
      <subfield code="a">Suzen, Sibel,</subfield>
      <subfield code="e">editor.</subfield>
   </datafield>
   <datafield ind1="4" ind2="0" tag="856">
      <subfield code="3">University of Alberta Access</subfield>
      <subfield code="u">http://marc.crcnetbase.com/isbn/9781482220100</subfield>
      <subfield code="z">(Unlimited Concurrent Users)</subfield>
   </datafield>
   <datafield ind1=" " ind2=" " tag="949">
      <subfield code="h">UAIN</subfield>
      <subfield code="z">CRC</subfield>
   </datafield>
   <datafield ind1=" " ind2=" " tag="926">
      <subfield code="a">Internet Access</subfield>
      <subfield code="w">LC</subfield>
      <subfield code="c">1</subfield>
      <subfield code="i">6712213-1001</subfield>
      <subfield code="l">INTERNET</subfield>
      <subfield code="m">UAINTERNET</subfield>
      <subfield code="r">Y</subfield>
      <subfield code="s">Y</subfield>
      <subfield code="t">E-RESOURCE</subfield>
      <subfield code="u">10/27/2014</subfield>
      <subfield code="x">E-BOOK</subfield>
      <subfield code="z">CRC</subfield>
   </datafield>
</record>
